@book{name2,
author ="author",
year="y2008",
title="title",
publisher ="publisher"
}

@article{name1,
author = {author1 and author2},
title = {title},
journal = {journal},
volume = {vol20},
number = {pagenum},
year = {year},
abstract = {abstract}
}